Untuk setiap referensi, baris pertama (newton1687) merupakan label dan baris-baris berikutnya
merupakan atribut dari referensi yang akan digunakan. Umumnya, format referensi berikut sudah
disediakan oleh penyedia sumber referensi secara online dan bisa langsung ditaruh di sini.

Lihat https://www.bibtex.com/g/bibtex-format/ untuk informasi lebih lanjut mengenai format
BibTex yang digunakan pada file ini.

@misc{aryabumi2024aya,
  title         = {Aya 23: Open Weight Releases to Further Multilingual Progress},
  author        = {Viraat Aryabumi and John Dang and Dwarak Talupuru and Saurabh Dash and David Cairuz and Hangyu Lin and Bharat Venkitesh and Madeline Smith and Kelly Marchisio and Sebastian Ruder and Acyr Locatelli and Julia Kreutzer and Nick Frosst and Phil Blunsom and Marzieh Fadaee and Ahmet Üstün and Sara Hooker},
  year          = {2024},
  eprint        = {2405.15032},
  archiveprefix = {arXiv},
  primaryclass  = {cs.CL}
}
@article{MHussein2015,
  author  = {M. Hussein and C. Nätterdal},
  title   = {The Benefits of Using Virtual Reality in Education A Comparison Study},
  url     = {https://gupea.ub.gu.se/bitstream/handle/2077/39977/gupea_2077_39977_1.pdf},
  urldate = {2023-12-04},
  date    = {2015}
}
@inproceedings{9501523,
  author    = {Ramaditiya, Achmad and Rahmatia, Suci and Munawar, Aris and Samijayani, Octarina Nur},
  booktitle = {2021 International Symposium on Electronics and Smart Devices (ISESD)},
  title     = {Implementation Chatbot Whatsapp using Python Programming for Broadcast and Reply Message Automatically},
  year      = {2021},
  volume    = {},
  number    = {},
  pages     = {1-4},
  doi       = {10.1109/ISESD53023.2021.9501523}
}
@inproceedings{9402401,
  author    = {Pérez-Soler, Sara and Guerra, Esther and de Lara, Juan},
  booktitle = {2021 IEEE/ACM 43rd International Conference on Software Engineering: Companion Proceedings (ICSE-Companion)},
  title     = {Creating and Migrating Chatbots with Conga},
  year      = {2021},
  volume    = {},
  number    = {},
  pages     = {37-40},
  doi       = {10.1109/ICSE-Companion52605.2021.00030}
}
@inproceedings{riantini2022serious,
  title        = {Serious Game for Learning Ship Electrical Earth Fault Troubleshooting based on User and Expert Involvement},
  author       = {Riantini, Rona and Hariadi, Mochamad and Nugroho, Supeno Mardi Susiki and Wulandari, Diah Puspito},
  booktitle    = {2022 6th International Conference on Education and Multimedia Technology (ICEMT)},
  pages        = {1-7},
  year         = {2022},
  organization = {ACM},
  address      = {Guangzhou, China},
  doi          = {10.1145/3551708.3551770}
}
@inproceedings{10448015,
  author    = {Feng, Zhangyin and Feng, Xiaocheng and Zhao, Dezhi and Yang, Maojin and Qin, Bing},
  booktitle = {ICASSP 2024 - 2024 IEEE International Conference on Acoustics, Speech and Signal Processing (ICASSP)},
  title     = {Retrieval-Generation Synergy Augmented Large Language Models},
  year      = {2024},
  volume    = {},
  number    = {},
  pages     = {11661-11665},
  keywords  = {Knowledge based systems;Collaboration;Signal processing;Cognition;Question answering (information retrieval);Acoustics;Iterative methods;large language models;retrieval augmented;question answering},
  doi       = {10.1109/ICASSP48485.2024.10448015}
}

@inproceedings{10039758,
  author    = {George, Godwin and Rajan, Rajeev},
  booktitle = {2022 IEEE 19th India Council International Conference (INDICON)},
  title     = {A FAISS-based Search for Story Generation},
  year      = {2022},
  volume    = {},
  number    = {},
  pages     = {1-6},
  keywords  = {Social networking (online);Games;Transformers;Search problems;Intelligent systems;Story generation;Search;text-to-speech conversion;FAISS;Sentence transformers;natural language processing},
  doi       = {10.1109/INDICON56171.2022.10039758}
}
@inproceedings{vaswani2017attention,
  title        = {Attention Is All You Need},
  author       = {Vaswani, Ashish and Shazeer, Noam and Parmar, Niki and Uszkoreit, Jakob and Jones, Llion and Gomez, Aidan and Kaiser, Lukasz and Polosukhin, Illia},
  booktitle    = {Advances in Neural Information Processing Systems},
  year         = {2017},
  organization = {NIPS}
}
@misc{bansal2024llm,
  title         = {LLM Augmented LLMs: Expanding Capabilities through Composition},
  author        = {Rachit Bansal and Bidisha Samanta and Siddharth Dalmia and Nitish Gupta and Shikhar Vashishth and Sriram Ganapathy and Abhishek Bapna and Prateek Jain and Partha Talukdar},
  year          = {2024},
  eprint        = {2401.02412},
  archiveprefix = {arXiv},
  primaryclass  = {cs.LG}
}
@misc{dou2024sailor,
  title         = {Sailor: Open Language Models for South-East Asia},
  author        = {Longxu Dou and Qian Liu and Guangtao Zeng and Jia Guo and Jiahui Zhou and Wei Lu and Min Lin},
  year          = {2024},
  eprint        = {2404.03608},
  archiveprefix = {arXiv},
  primaryclass  = {cs.CL}
}
@misc{indonlp1,
  title         = {Cendol: Open Instruction-tuned Generative Large Language Models for Indonesian Languages},
  author        = {Samuel Cahyawijaya and Holy Lovenia and Fajri Koto and Rifki Afina Putri and Emmanuel Dave and Jhonson Lee and Nuur Shadieq and Wawan Cenggoro and Salsabil Maulana Akbar and Muhammad Ihza Mahendra and Dea Annisayanti Putri and Bryan Wilie and Genta Indra Winata and Alham Fikri Aji and Ayu Purwarianti and Pascale Fung},
  year          = {2024},
  eprint        = {2404.06138},
  archiveprefix = {arXiv},
  primaryclass  = {cs.CL}
}

@inproceedings{indonlp2,
  title     = {{N}usa{C}rowd: Open Source Initiative for {I}ndonesian {NLP} Resources},
  author    = {Cahyawijaya, Samuel  and
               Lovenia, Holy  and
               Aji, Alham Fikri  and
               Winata, Genta  and
               Wilie, Bryan  and
               Koto, Fajri  and
               Mahendra, Rahmad  and
               Wibisono, Christian  and
               Romadhony, Ade  and
               Vincentio, Karissa  and
               Santoso, Jennifer  and
               Moeljadi, David  and
               Wirawan, Cahya  and
               Hudi, Frederikus  and
               Wicaksono, Muhammad Satrio  and
               Parmonangan, Ivan  and
               Alfina, Ika  and
               Putra, Ilham Firdausi  and
               Rahmadani, Samsul  and
               Oenang, Yulianti  and
               Septiandri, Ali  and
               Jaya, James  and
               Dhole, Kaustubh  and
               Suryani, Arie  and
               Putri, Rifki Afina  and
               Su, Dan  and
               Stevens, Keith  and
               Nityasya, Made Nindyatama  and
               Adilazuarda, Muhammad  and
               Hadiwijaya, Ryan  and
               Diandaru, Ryandito  and
               Yu, Tiezheng  and
               Ghifari, Vito  and
               Dai, Wenliang  and
               Xu, Yan  and
               Damapuspita, Dyah  and
               Wibowo, Haryo  and
               Tho, Cuk  and
               Karo Karo, Ichwanul  and
               Fatyanosa, Tirana  and
               Ji, Ziwei  and
               Neubig, Graham  and
               Baldwin, Timothy  and
               Ruder, Sebastian  and
               Fung, Pascale  and
               Sujaini, Herry  and
               Sakti, Sakriani  and
               Purwarianti, Ayu},
  editor    = {Rogers, Anna  and
               Boyd-Graber, Jordan  and
               Okazaki, Naoaki},
  booktitle = {Findings of the Association for Computational Linguistics: ACL 2023},
  month     = jul,
  year      = {2023},
  address   = {Toronto, Canada},
  publisher = {Association for Computational Linguistics},
  url       = {https://aclanthology.org/2023.findings-acl.868},
  doi       = {10.18653/v1/2023.findings-acl.868},
  pages     = {13745--13818}
}
@inproceedings{indonlp3,
  title     = {{N}usa{W}rites: Constructing High-Quality Corpora for Underrepresented and Extremely Low-Resource Languages},
  author    = {Cahyawijaya, Samuel  and
               Lovenia, Holy  and
               Koto, Fajri  and
               Adhista, Dea  and
               Dave, Emmanuel  and
               Oktavianti, Sarah  and
               Akbar, Salsabil  and
               Lee, Jhonson  and
               Shadieq, Nuur  and
               Cenggoro, Tjeng Wawan  and
               Linuwih, Hanung  and
               Wilie, Bryan  and
               Muridan, Galih  and
               Winata, Genta  and
               Moeljadi, David  and
               Aji, Alham Fikri  and
               Purwarianti, Ayu  and
               Fung, Pascale},
  editor    = {Park, Jong C.  and
               Arase, Yuki  and
               Hu, Baotian  and
               Lu, Wei  and
               Wijaya, Derry  and
               Purwarianti, Ayu  and
               Krisnadhi, Adila Alfa},
  booktitle = {Proceedings of the 13th International Joint Conference on Natural Language Processing and the 3rd Conference of the Asia-Pacific Chapter of the Association for Computational Linguistics (Volume 1: Long Papers)},
  month     = nov,
  year      = {2023},
  address   = {Nusa Dua, Bali},
  publisher = {Association for Computational Linguistics},
  url       = {https://aclanthology.org/2023.ijcnlp-main.60},
  doi       = {10.18653/v1/2023.ijcnlp-main.60},
  pages     = {921--945}
}

@inproceedings{indonlp4,
  title     = {{N}usa{X}: Multilingual Parallel Sentiment Dataset for 10 {I}ndonesian Local Languages},
  author    = {Winata, Genta Indra  and
               Aji, Alham Fikri  and
               Cahyawijaya, Samuel  and
               Mahendra, Rahmad  and
               Koto, Fajri  and
               Romadhony, Ade  and
               Kurniawan, Kemal  and
               Moeljadi, David  and
               Prasojo, Radityo Eko  and
               Fung, Pascale  and
               Baldwin, Timothy  and
               Lau, Jey Han  and
               Sennrich, Rico  and
               Ruder, Sebastian},
  editor    = {Vlachos, Andreas  and
               Augenstein, Isabelle},
  booktitle = {Proceedings of the 17th Conference of the European Chapter of the Association for Computational Linguistics},
  month     = may,
  year      = {2023},
  address   = {Dubrovnik, Croatia},
  publisher = {Association for Computational Linguistics},
  url       = {https://aclanthology.org/2023.eacl-main.57},
  doi       = {10.18653/v1/2023.eacl-main.57},
  pages     = {815--834}
}

@inproceedings{indonlp5,
  title     = {One Country, 700+ Languages: {NLP} Challenges for Underrepresented Languages and Dialects in {I}ndonesia},
  author    = {Aji, Alham Fikri  and
               Winata, Genta Indra  and
               Koto, Fajri  and
               Cahyawijaya, Samuel  and
               Romadhony, Ade  and
               Mahendra, Rahmad  and
               Kurniawan, Kemal  and
               Moeljadi, David  and
               Prasojo, Radityo Eko  and
               Baldwin, Timothy  and
               Lau, Jey Han  and
               Ruder, Sebastian},
  editor    = {Muresan, Smaranda  and
               Nakov, Preslav  and
               Villavicencio, Aline},
  booktitle = {Proceedings of the 60th Annual Meeting of the Association for Computational Linguistics (Volume 1: Long Papers)},
  month     = may,
  year      = {2022},
  address   = {Dublin, Ireland},
  publisher = {Association for Computational Linguistics},
  url       = {https://aclanthology.org/2022.acl-long.500},
  doi       = {10.18653/v1/2022.acl-long.500},
  pages     = {7226--7249}
}

@inproceedings{indonlp6,
  title     = {{I}ndo{NLG}: Benchmark and Resources for Evaluating {I}ndonesian Natural Language Generation},
  author    = {Cahyawijaya, Samuel  and
               Winata, Genta Indra  and
               Wilie, Bryan  and
               Vincentio, Karissa  and
               Li, Xiaohong  and
               Kuncoro, Adhiguna  and
               Ruder, Sebastian  and
               Lim, Zhi Yuan  and
               Bahar, Syafri  and
               Khodra, Masayu  and
               Purwarianti, Ayu  and
               Fung, Pascale},
  editor    = {Moens, Marie-Francine  and
               Huang, Xuanjing  and
               Specia, Lucia  and
               Yih, Scott Wen-tau},
  booktitle = {Proceedings of the 2021 Conference on Empirical Methods in Natural Language Processing},
  month     = nov,
  year      = {2021},
  address   = {Online and Punta Cana, Dominican Republic},
  publisher = {Association for Computational Linguistics},
  url       = {https://aclanthology.org/2021.emnlp-main.699},
  doi       = {10.18653/v1/2021.emnlp-main.699},
  pages     = {8875--8898}
}

@inproceedings{indonlp7,
  title     = {{I}ndo{NLU}: Benchmark and Resources for Evaluating {I}ndonesian Natural Language Understanding},
  author    = {Wilie, Bryan  and
               Vincentio, Karissa  and
               Winata, Genta Indra  and
               Cahyawijaya, Samuel  and
               Li, Xiaohong  and
               Lim, Zhi Yuan  and
               Soleman, Sidik  and
               Mahendra, Rahmad  and
               Fung, Pascale  and
               Bahar, Syafri  and
               Purwarianti, Ayu},
  editor    = {Wong, Kam-Fai  and
               Knight, Kevin  and
               Wu, Hua},
  booktitle = {Proceedings of the 1st Conference of the Asia-Pacific Chapter of the Association for Computational Linguistics and the 10th International Joint Conference on Natural Language Processing},
  month     = dec,
  year      = {2020},
  address   = {Suzhou, China},
  publisher = {Association for Computational Linguistics},
  url       = {https://aclanthology.org/2020.aacl-main.85},
  pages     = {843--857}
}

@article{muennighoff2022crosslingual,
  title   = {Crosslingual generalization through multitask finetuning},
  author  = {Muennighoff, Niklas and Wang, Thomas and Sutawika, Lintang and Roberts, Adam and Biderman, Stella and Scao, Teven Le and Bari, M Saiful and Shen, Sheng and Yong, Zheng-Xin and Schoelkopf, Hailey and others},
  journal = {arXiv preprint arXiv:2211.01786},
  year    = {2022}
}

@misc{owen2024komodo,
  title         = {Komodo: A Linguistic Expedition into Indonesia's Regional Languages},
  author        = {Louis Owen and Vishesh Tripathi and Abhay Kumar and Biddwan Ahmed},
  year          = {2024},
  eprint        = {2403.09362},
  archiveprefix = {arXiv},
  primaryclass  = {cs.CL}
}

@misc{zulfikar_aji_kusworo_2024,
  title     = {Nusantara: A Series of Versatile Open Weight Language Model of Bahasa Indonesia},
  author    = {Zulfikar Aji Kusworo},
  publisher = {Hugging Face},
  journal   = {Hugging Face Repository},
  year      = {2024},
  url       = {https://huggingface.co/kalisai}
}

@misc{cahya_llm,
  title     = {Cahya: gpt2-small-indonesian-522M},
  author    = {Cahya Wirawan},
  publisher = {Hugging Face},
  journal   = {Hugging Face Repository},
  year      = {2024},
  url       = {https://huggingface.co/cahya}
}

@article{Merak,
  title     = {Merak-7B: The LLM for Bahasa Indonesia},
  author    = {Muhammad Ichsan},
  publisher = {Hugging Face},
  journal   = {Hugging Face Repository},
  year      = {2023}
}


@article{matsui2018product,
  title   = {A Survey of Product Quantization},
  author  = {Matsui, Yusuke and Uchida, Yusuke and J{\'e}gou, Herv{\'e} and Satoh, Shin’ichi},
  journal = {ITE Transactions on Media Technology and Applications},
  volume  = {6},
  number  = {1},
  pages   = {2--10},
  year    = {2018}
}
@article{kmetty2021presence,
  title   = {The Presence of Occupational Structure in Online Texts Based on Word Embedding NLP Models},
  author  = {Kmetty, Zoltan and Koltai, Julia and Rudas, Tamas},
  journal = {EPJ Data Science},
  volume  = {10},
  pages   = {55},
  year    = {2021},
  doi     = {10.1140/epjds/s13688-021-00311-9},
  url     = {https://doi.org/10.1140/epjds/s13688-021-00311-9}
}
@article{luo2018concept,
  title   = {Concept Embedding-based Weighting Scheme for Biomedical Text Clustering and Visualization},
  author  = {Luo, Xiang and Shah, Sarwan},
  journal = {Applied Informatics},
  volume  = {5},
  pages   = {8},
  year    = {2018},
  doi     = {10.1186/s40535-018-0055-8},
  url     = {https://doi.org/10.1186/s40535-018-0055-8}
}

@article{vazquezcano2021chatbot,
  title   = {Chatbot to improve learning punctuation in Spanish and to enhance open and flexible learning environments},
  author  = {V{\'a}zquez-Cano, Esteban and Mengual-Andr{\'e}s, Santiago and L{\'o}pez-Meneses, Eloy},
  journal = {International Journal of Educational Technology in Higher Education},
  volume  = {18},
  pages   = {33},
  year    = {2021},
  doi     = {10.1186/s41239-021-00269-8},
  url     = {https://doi.org/10.1186/s41239-021-00269-8}
}

@article{essel2022virtual,
  title   = {The impact of a virtual teaching assistant (chatbot) on students' learning in Ghanaian higher education},
  author  = {Essel, Harry Barton and Vlachopoulos, Dimitris and Tachie-Menson, Arnold and others},
  journal = {International Journal of Educational Technology in Higher Education},
  volume  = {19},
  pages   = {57},
  year    = {2022},
  doi     = {10.1186/s41239-022-00362-6},
  url     = {https://doi.org/10.1186/s41239-022-00362-6}
}
@article{xu2024nanjing,
  title   = {Nanjing Yunjin intelligent question-answering system based on knowledge graphs and retrieval augmented generation technology},
  author  = {Xu, Li and Lu, Lei and Liu, Min and others},
  journal = {Heritage Science},
  volume  = {12},
  pages   = {118},
  year    = {2024},
  doi     = {10.1186/s40494-024-01231-3},
  url     = {https://doi.org/10.1186/s40494-024-01231-3}
}
@article{kumar2021educational,
  title   = {Educational chatbots for project-based learning: Investigating learning outcomes for a team-based design course},
  author  = {Kumar, J. A.},
  journal = {International Journal of Educational Technology in Higher Education},
  volume  = {18},
  pages   = {65},
  year    = {2021},
  doi     = {10.1186/s41239-021-00302-w},
  url     = {https://doi.org/10.1186/s41239-021-00302-w}
}

@article{sarrouti2020sembionlqa,
  title   = {SemBioNLQA: A Semantic Biomedical Question Answering System for Retrieving Exact and Ideal Answers to Natural Language Questions},
  author  = {Sarrouti, Mourad and Ouatik El Alaoui, Said},
  journal = {Artificial Intelligence in Medicine},
  volume  = {102},
  pages   = {101767},
  year    = {2020},
  doi     = {10.1016/j.artmed.2019.101767},
  url     = {https://doi.org/10.1016/j.artmed.2019.101767}
}
@article{tian2023intelligent,
  title   = {Intelligent Question Answering Method for Construction Safety Hazard Knowledge Based on Deep Semantic Mining},
  author  = {Tian, D. and Li, M. and Ren, Q. and Zhang, X. and Han, S. and Shen, Y.},
  journal = {Automation in Construction},
  volume  = {145},
  pages   = {104670},
  year    = {2023},
  doi     = {10.1016/j.autcon.2022.104670},
  url     = {https://doi.org/10.1016/j.autcon.2022.104670}
}

@article{miao2016processing,
  title   = {Processing Incomplete k Nearest Neighbor Search},
  author  = {Miao, Xianjun and Gao, Yong and Chen, Guanrong and Zheng, Bin and Cui, Hong},
  journal = {IEEE Transactions on Fuzzy Systems},
  volume  = {24},
  pages   = {1349--1363},
  year    = {2016},
  doi     = {10.1109/TFUZZ.2016.2516562},
  url     = {https://doi.org/10.1109/TFUZZ.2016.2516562}
}
@misc{hfdocs,
  title   = {Hugging Face Hub documentation},
  year    = 2024,
  url     = {https://huggingface.co/docs/hub/index},
  urldate = {2024-04-05}
}
@misc{rasadocs,
  title   = {Introduction to rasa open source \& rasa pro},
  year    = 2023,
  url     = {https://rasa.com/docs/rasa/},
  urldate = {2023-10-05}
}
@misc{llamacppdocs,
  title   = {llama.cpp Github},
  year    = 2023,
  url     = {https://github.com/ggerganov/llama.cpp},
  urldate = {2023-10-05}
}

@article{es2023ragas,
  title   = {RAGAS: Automated Evaluation of Retrieval Augmented Generation},
  author  = {Es, Shahul and James, Jithin and Espinosa-Anke, Luis and Schockaert, Steven},
  journal = {arXiv preprint arXiv:2309.15217},
  year    = {2023},
  doi     = {10.48550/arXiv.2309.15217},
  note    = {Subjects: Computation and Language (cs.CL)},
  url     = {https://doi.org/10.48550/arXiv.2309.15217}
}